%YAML 1.1
%TAG !u! tag:unity3d.com,2011:
--- !u!1 &1023924368506615816
GameObject:
  m_ObjectHideFlags: 0
  m_CorrespondingSourceObject: {fileID: 0}
  m_PrefabInstance: {fileID: 0}
  m_PrefabAsset: {fileID: 0}
  serializedVersion: 6
  m_Component:
  - component: {fileID: 941087876392035893}
  - component: {fileID: 6736927480476045254}
  - component: {fileID: 8177922645242001093}
  - component: {fileID: 1291027050608996871}
  - component: {fileID: 3823724653167309481}
  - component: {fileID: 7092202437895782090}
  m_Layer: 0
  m_Name: HelloWorldCube
  m_TagString: Untagged
  m_Icon: {fileID: 0}
  m_NavMeshLayer: 0
  m_StaticEditorFlags: 0
  m_IsActive: 1
--- !u!4 &941087876392035893
Transform:
  m_ObjectHideFlags: 0
  m_CorrespondingSourceObject: {fileID: 0}
  m_PrefabInstance: {fileID: 0}
  m_PrefabAsset: {fileID: 0}
  m_GameObject: {fileID: 1023924368506615816}
  m_LocalRotation: {x: 0, y: 0, z: 0, w: 1}
  m_LocalPosition: {x: 0, y: 0, z: 0}
  m_LocalScale: {x: 1, y: 1, z: 1}
  m_ConstrainProportionsScale: 0
  m_Children: []
  m_Father: {fileID: 0}
  m_RootOrder: 0
  m_LocalEulerAnglesHint: {x: 0, y: 0, z: 0}
--- !u!33 &6736927480476045254
MeshFilter:
  m_ObjectHideFlags: 0
  m_CorrespondingSourceObject: {fileID: 0}
  m_PrefabInstance: {fileID: 0}
  m_PrefabAsset: {fileID: 0}
  m_GameObject: {fileID: 1023924368506615816}
  m_Mesh: {fileID: 10202, guid: 0000000000000000e000000000000000, type: 0}
--- !u!23 &8177922645242001093
MeshRenderer:
  m_ObjectHideFlags: 0
  m_CorrespondingSourceObject: {fileID: 0}
  m_PrefabInstance: {fileID: 0}
  m_PrefabAsset: {fileID: 0}
  m_GameObject: {fileID: 1023924368506615816}
  m_Enabled: 1
  m_CastShadows: 1
  m_ReceiveShadows: 1
  m_DynamicOccludee: 1
  m_StaticShadowCaster: 0
  m_MotionVectors: 1
  m_LightProbeUsage: 1
  m_ReflectionProbeUsage: 1
  m_RayTracingMode: 2
  m_RayTraceProcedural: 0
  m_RenderingLayerMask: 257
  m_RendererPriority: 0
  m_Materials:
  - {fileID: 2100000, guid: 73c176f402d2c2f4d929aa5da7585d17, type: 2}
  m_StaticBatchInfo:
    firstSubMesh: 0
    subMeshCount: 0
  m_StaticBatchRoot: {fileID: 0}
  m_ProbeAnchor: {fileID: 0}
  m_LightProbeVolumeOverride: {fileID: 0}
  m_ScaleInLightmap: 1
  m_ReceiveGI: 1
  m_PreserveUVs: 0
  m_IgnoreNormalsForChartDetection: 0
  m_ImportantGI: 0
  m_StitchLightmapSeams: 1
  m_SelectedEditorRenderState: 3
  m_MinimumChartSize: 4
  m_AutoUVMaxDistance: 0.5
  m_AutoUVMaxAngle: 89
  m_LightmapParameters: {fileID: 0}
  m_SortingLayerID: 0
  m_SortingLayer: 0
  m_SortingOrder: 0
  m_AdditionalVertexStreams: {fileID: 0}
--- !u!65 &1291027050608996871
BoxCollider:
  m_ObjectHideFlags: 0
  m_CorrespondingSourceObject: {fileID: 0}
  m_PrefabInstance: {fileID: 0}
  m_PrefabAsset: {fileID: 0}
  m_GameObject: {fileID: 1023924368506615816}
  m_Material: {fileID: 0}
  m_IsTrigger: 0
  m_Enabled: 1
  serializedVersion: 2
  m_Size: {x: 1, y: 1, z: 1}
  m_Center: {x: 0, y: 0, z: 0}
--- !u!114 &3823724653167309481
MonoBehaviour:
  m_ObjectHideFlags: 0
  m_CorrespondingSourceObject: {fileID: 0}
  m_PrefabInstance: {fileID: 0}
  m_PrefabAsset: {fileID: 0}
  m_GameObject: {fileID: 1023924368506615816}
  m_Enabled: 1
  m_EditorHideFlags: 0
  m_Script: {fileID: 11500000, guid: a497febce5a6dad469808038a7d47573, type: 3}
  m_Name: 
  m_EditorClassIdentifier: 
  behaviour_id: hello1
  instantiated: 0
  fresh: 0
  introduced: 0
  ended: 0
  triggered: 0
  animating: 0
  animatingTrigger: 0
  animatingKnob: 0
  starting: 0
  ending: 0
  lerpValue: 0
  triggerLerpValue: 0
  on: 0
  _i: 0
  lastTrigger:
    oi: 0
    id: 
    preset: 
    trigger: 
    propertyIndex: 0
    propertyName: 
    behaviour: 
    startTime: 0
    startTime2: -999
    endTime: 0
    endTime2: -999
    onTime: 0.18
    onTime2: -999
    offTime: 3
    offTime2: -999
    value:
      x: -999
      x2: -999
      y: -999
      y2: -999
      z: -999
      z2: -999
      a: -999
      a2: -999
      uniform: 0
      relative: 0
      absolute: 0
      multiple: {x: 0, y: 0, z: 0}
      seed: -999
    start:
      x: -999
      x2: -999
      y: -999
      y2: -999
      z: -999
      z2: -999
      a: -999
      a2: -999
      uniform: 0
      relative: 0
      absolute: 0
      multiple: {x: 0, y: 0, z: 0}
      seed: -999
    target:
      x: -999
      x2: -999
      y: -999
      y2: -999
      z: -999
      z2: -999
      a: -999
      a2: -999
      uniform: 0
      relative: 0
      absolute: 0
      multiple: {x: 0, y: 0, z: 0}
      seed: -999
    knob:
      x: -999
      x2: -999
      y: -999
      y2: -999
      z: -999
      z2: -999
      a: -999
      a2: -999
      uniform: 0
      relative: 0
      absolute: 0
      multiple: {x: 0, y: 0, z: 0}
      seed: -999
    velocity:
      x: -999
      x2: -999
      y: -999
      y2: -999
      z: -999
      z2: -999
      a: -999
      a2: -999
      uniform: 0
      relative: 0
      absolute: 0
      multiple: {x: 0, y: 0, z: 0}
      seed: -999
    end:
      x: -999
      x2: -999
      y: -999
      y2: -999
      z: -999
      z2: -999
      a: -999
      a2: -999
      uniform: 0
      relative: 0
      absolute: 0
      multiple: {x: 0, y: 0, z: 0}
      seed: -999
    color:
      gray: -999
      gray2: -999
      _gray: 0
      alpha: 1
      alpha2: -999
      _alpha: 0
      uniform: 1
      r: -999
      r2: -999
      _r: 0
      g: -999
      g2: -999
      _g: 0
      b: -999
      b2: -999
      _b: 0
      sat: -999
      sat2: -999
      _sat: 0
      brightness: -999
      brightness2: -999
      _brightness: 0
      hue: -999
      hue2: -999
      _hue: 0
      color: 
      blendMode: 0
      seed: -999
    startColor:
      gray: -999
      gray2: -999
      _gray: 0
      alpha: 1
      alpha2: -999
      _alpha: 0
      uniform: 1
      r: -999
      r2: -999
      _r: 0
      g: -999
      g2: -999
      _g: 0
      b: -999
      b2: -999
      _b: 0
      sat: -999
      sat2: -999
      _sat: 0
      brightness: -999
      brightness2: -999
      _brightness: 0
      hue: -999
      hue2: -999
      _hue: 0
      color: 
      blendMode: 0
      seed: -999
    targetColor:
      gray: -999
      gray2: -999
      _gray: 0
      alpha: 1
      alpha2: -999
      _alpha: 0
      uniform: 1
      r: -999
      r2: -999
      _r: 0
      g: -999
      g2: -999
      _g: 0
      b: -999
      b2: -999
      _b: 0
      sat: -999
      sat2: -999
      _sat: 0
      brightness: -999
      brightness2: -999
      _brightness: 0
      hue: -999
      hue2: -999
      _hue: 0
      color: 
      blendMode: 0
      seed: -999
    knobColor:
      gray: -999
      gray2: -999
      _gray: 0
      alpha: 1
      alpha2: -999
      _alpha: 0
      uniform: 1
      r: -999
      r2: -999
      _r: 0
      g: -999
      g2: -999
      _g: 0
      b: -999
      b2: -999
      _b: 0
      sat: -999
      sat2: -999
      _sat: 0
      brightness: -999
      brightness2: -999
      _brightness: 0
      hue: -999
      hue2: -999
      _hue: 0
      color: 
      blendMode: 0
      seed: -999
    endColor:
      gray: -999
      gray2: -999
      _gray: 0
      alpha: 1
      alpha2: -999
      _alpha: 0
      uniform: 1
      r: -999
      r2: -999
      _r: 0
      g: -999
      g2: -999
      _g: 0
      b: -999
      b2: -999
      _b: 0
      sat: -999
      sat2: -999
      _sat: 0
      brightness: -999
      brightness2: -999
      _brightness: 0
      hue: -999
      hue2: -999
      _hue: 0
      color: 
      blendMode: 0
      seed: -999
    multiplier: 1
    multiplier2: -999
    startString: 
    valueString: 
    targetString: 
    endString: 
    startMedia:
      oi: 0
      id: 
      path: 
      repeat: 0
      cols: 1
      rows: 1
      totalFrames: 0
      stops: 3
      pingpong: 0
      numVariants: 0
      variant_i: 0
      _path: 
      width: 0
      height: 0
      ratio: 1
      timesRepeated: 0
      currentFrame: 0
      startFrame: 0
      startFrame2: -999
      endFrame: 0
      endFrame2: -999
      frame: 0
      hideOnComplete: 0
      ended: 0
      fullWidth: 0
      fullHeight: 0
      loadedTexture: {fileID: 0}
      loadedTextures: []
      loadedVideoClip: {fileID: 0}
      loadedVideoClips: []
      sortingOrder: 0
      sortByZ: 1
    media:
      oi: 0
      id: 
      path: 
      repeat: 0
      cols: 1
      rows: 1
      totalFrames: 0
      stops: 3
      pingpong: 0
      numVariants: 0
      variant_i: 0
      _path: 
      width: 0
      height: 0
      ratio: 1
      timesRepeated: 0
      currentFrame: 0
      startFrame: 0
      startFrame2: -999
      endFrame: 0
      endFrame2: -999
      frame: 0
      hideOnComplete: 0
      ended: 0
      fullWidth: 0
      fullHeight: 0
      loadedTexture: {fileID: 0}
      loadedTextures: []
      loadedVideoClip: {fileID: 0}
      loadedVideoClips: []
      sortingOrder: 0
      sortByZ: 1
    targetMedia:
      oi: 0
      id: 
      path: 
      repeat: 0
      cols: 1
      rows: 1
      totalFrames: 0
      stops: 3
      pingpong: 0
      numVariants: 0
      variant_i: 0
      _path: 
      width: 0
      height: 0
      ratio: 1
      timesRepeated: 0
      currentFrame: 0
      startFrame: 0
      startFrame2: -999
      endFrame: 0
      endFrame2: -999
      frame: 0
      hideOnComplete: 0
      ended: 0
      fullWidth: 0
      fullHeight: 0
      loadedTexture: {fileID: 0}
      loadedTextures: []
      loadedVideoClip: {fileID: 0}
      loadedVideoClips: []
      sortingOrder: 0
      sortByZ: 1
    endMedia:
      oi: 0
      id: 
      path: 
      repeat: 0
      cols: 1
      rows: 1
      totalFrames: 0
      stops: 3
      pingpong: 0
      numVariants: 0
      variant_i: 0
      _path: 
      width: 0
      height: 0
      ratio: 1
      timesRepeated: 0
      currentFrame: 0
      startFrame: 0
      startFrame2: -999
      endFrame: 0
      endFrame2: -999
      frame: 0
      hideOnComplete: 0
      ended: 0
      fullWidth: 0
      fullHeight: 0
      loadedTexture: {fileID: 0}
      loadedTextures: []
      loadedVideoClip: {fileID: 0}
      loadedVideoClips: []
      sortingOrder: 0
      sortByZ: 1
    disabled: 0
    hideOnComplete: 0
    hideOnTarget: 0
    onDelay: 0
    onDelay2: 0
    offDelay: 0
    offDelay2: -999
    startDelay: 0
    startDelay2: -999
    endDelay: 0
    endDelay2: 0
    timesTriggered: 0
    groupIndex: 0
    group: 
    childIndex: -1
    startEase: 3
    endEase: 4
    onEase: 4
    offEase: 4
    activeBehaviour: 
    instantiated: 0
    fresh: 0
    introduced: 0
    ended: 0
    triggered: 0
    animating: 0
    animatingTrigger: 0
    animatingTriggerOff: 0
    animatingKnob: 0
    starting: 0
    ending: 0
    lerpValue: 0
    triggerLerpValue: 0
    on: 0
    _i: 0
    baseValue: {x: 0, y: 0, z: 0}
    startValue: {x: 0, y: 0, z: 0}
    endValue: {x: 0, y: 0, z: 0}
    currentValue: {x: 0, y: 0, z: 0}
    currentAnimatedValue: {x: 0, y: 0, z: 0}
    targetValue: {x: 0, y: 0, z: 0}
    lastTargetValue: {x: 0, y: 0, z: 0}
    animatedValue: {x: 0, y: 0, z: 0}
    lastValue: {x: 0, y: 0, z: 0}
    baseColorValue: {r: 0, g: 0, b: 0, a: 0}
    startColorValue: {r: 0, g: 0, b: 0, a: 0}
    endColorValue: {r: 0, g: 0, b: 0, a: 0}
    currentColorValue: {r: 0, g: 0, b: 0, a: 0}
    currentAnimatedColor: {r: 0, g: 0, b: 0, a: 0}
    targetColorValue: {r: 0, g: 0, b: 0, a: 0}
    lastTargetColorValue: {r: 0, g: 0, b: 0, a: 0}
    animatedColorValue: {r: 0, g: 0, b: 0, a: 0}
    knobValue: 0
    knobLerpValue: 0
    triggers: []
    activeType: 0
  triggers: []
  instance: {fileID: 0}
  root: {fileID: 0}
  triggerController: {fileID: 0}
  multiplier: 1
  numTimesIntroduced: 0
  numTimesTriggered: 0
--- !u!114 &7092202437895782090
MonoBehaviour:
  m_ObjectHideFlags: 0
  m_CorrespondingSourceObject: {fileID: 0}
  m_PrefabInstance: {fileID: 0}
  m_PrefabAsset: {fileID: 0}
  m_GameObject: {fileID: 1023924368506615816}
  m_Enabled: 1
  m_EditorHideFlags: 0
  m_Script: {fileID: 11500000, guid: a497febce5a6dad469808038a7d47573, type: 3}
  m_Name: 
  m_EditorClassIdentifier: 
  behaviour_id: hello2
  instantiated: 0
  fresh: 0
  introduced: 0
  ended: 0
  triggered: 0
  animating: 0
  animatingTrigger: 0
  animatingKnob: 0
  starting: 0
  ending: 0
  lerpValue: 0
  triggerLerpValue: 0
  on: 0
  _i: 0
  lastTrigger:
    oi: 0
    id: 
    preset: 
    trigger: 
    propertyIndex: 0
    propertyName: 
    behaviour: 
    startTime: 0
    startTime2: -999
    endTime: 0
    endTime2: -999
    onTime: 0.18
    onTime2: -999
    offTime: 3
    offTime2: -999
    value:
      x: -999
      x2: -999
      y: -999
      y2: -999
      z: -999
      z2: -999
      a: -999
      a2: -999
      uniform: 0
      relative: 0
      absolute: 0
      multiple: {x: 0, y: 0, z: 0}
      seed: -999
    start:
      x: -999
      x2: -999
      y: -999
      y2: -999
      z: -999
      z2: -999
      a: -999
      a2: -999
      uniform: 0
      relative: 0
      absolute: 0
      multiple: {x: 0, y: 0, z: 0}
      seed: -999
    target:
      x: -999
      x2: -999
      y: -999
      y2: -999
      z: -999
      z2: -999
      a: -999
      a2: -999
      uniform: 0
      relative: 0
      absolute: 0
      multiple: {x: 0, y: 0, z: 0}
      seed: -999
    knob:
      x: -999
      x2: -999
      y: -999
      y2: -999
      z: -999
      z2: -999
      a: -999
      a2: -999
      uniform: 0
      relative: 0
      absolute: 0
      multiple: {x: 0, y: 0, z: 0}
      seed: -999
    velocity:
      x: -999
      x2: -999
      y: -999
      y2: -999
      z: -999
      z2: -999
      a: -999
      a2: -999
      uniform: 0
      relative: 0
      absolute: 0
      multiple: {x: 0, y: 0, z: 0}
      seed: -999
    end:
      x: -999
      x2: -999
      y: -999
      y2: -999
      z: -999
      z2: -999
      a: -999
      a2: -999
      uniform: 0
      relative: 0
      absolute: 0
      multiple: {x: 0, y: 0, z: 0}
      seed: -999
    color:
      gray: -999
      gray2: -999
      _gray: 0
      alpha: 1
      alpha2: -999
      _alpha: 0
      uniform: 1
      r: -999
      r2: -999
      _r: 0
      g: -999
      g2: -999
      _g: 0
      b: -999
      b2: -999
      _b: 0
      sat: -999
      sat2: -999
      _sat: 0
      brightness: -999
      brightness2: -999
      _brightness: 0
      hue: -999
      hue2: -999
      _hue: 0
      color: 
      blendMode: 0
      seed: -999
    startColor:
      gray: -999
      gray2: -999
      _gray: 0
      alpha: 1
      alpha2: -999
      _alpha: 0
      uniform: 1
      r: -999
      r2: -999
      _r: 0
      g: -999
      g2: -999
      _g: 0
      b: -999
      b2: -999
      _b: 0
      sat: -999
      sat2: -999
      _sat: 0
      brightness: -999
      brightness2: -999
      _brightness: 0
      hue: -999
      hue2: -999
      _hue: 0
      color: 
      blendMode: 0
      seed: -999
    targetColor:
      gray: -999
      gray2: -999
      _gray: 0
      alpha: 1
      alpha2: -999
      _alpha: 0
      uniform: 1
      r: -999
      r2: -999
      _r: 0
      g: -999
      g2: -999
      _g: 0
      b: -999
      b2: -999
      _b: 0
      sat: -999
      sat2: -999
      _sat: 0
      brightness: -999
      brightness2: -999
      _brightness: 0
      hue: -999
      hue2: -999
      _hue: 0
      color: 
      blendMode: 0
      seed: -999
    knobColor:
      gray: -999
      gray2: -999
      _gray: 0
      alpha: 1
      alpha2: -999
      _alpha: 0
      uniform: 1
      r: -999
      r2: -999
      _r: 0
      g: -999
      g2: -999
      _g: 0
      b: -999
      b2: -999
      _b: 0
      sat: -999
      sat2: -999
      _sat: 0
      brightness: -999
      brightness2: -999
      _brightness: 0
      hue: -999
      hue2: -999
      _hue: 0
      color: 
      blendMode: 0
      seed: -999
    endColor:
      gray: -999
      gray2: -999
      _gray: 0
      alpha: 1
      alpha2: -999
      _alpha: 0
      uniform: 1
      r: -999
      r2: -999
      _r: 0
      g: -999
      g2: -999
      _g: 0
      b: -999
      b2: -999
      _b: 0
      sat: -999
      sat2: -999
      _sat: 0
      brightness: -999
      brightness2: -999
      _brightness: 0
      hue: -999
      hue2: -999
      _hue: 0
      color: 
      blendMode: 0
      seed: -999
    multiplier: 1
    multiplier2: -999
    startString: 
    valueString: 
    targetString: 
    endString: 
    startMedia:
      oi: 0
      id: 
      path: 
      repeat: 0
      cols: 1
      rows: 1
      totalFrames: 0
      stops: 3
      pingpong: 0
      numVariants: 0
      variant_i: 0
      _path: 
      width: 0
      height: 0
      ratio: 1
      timesRepeated: 0
      currentFrame: 0
      startFrame: 0
      startFrame2: -999
      endFrame: 0
      endFrame2: -999
      frame: 0
      hideOnComplete: 0
      ended: 0
      fullWidth: 0
      fullHeight: 0
      loadedTexture: {fileID: 0}
      loadedTextures: []
      loadedVideoClip: {fileID: 0}
      loadedVideoClips: []
      sortingOrder: 0
      sortByZ: 1
    media:
      oi: 0
      id: 
      path: 
      repeat: 0
      cols: 1
      rows: 1
      totalFrames: 0
      stops: 3
      pingpong: 0
      numVariants: 0
      variant_i: 0
      _path: 
      width: 0
      height: 0
      ratio: 1
      timesRepeated: 0
      currentFrame: 0
      startFrame: 0
      startFrame2: -999
      endFrame: 0
      endFrame2: -999
      frame: 0
      hideOnComplete: 0
      ended: 0
      fullWidth: 0
      fullHeight: 0
      loadedTexture: {fileID: 0}
      loadedTextures: []
      loadedVideoClip: {fileID: 0}
      loadedVideoClips: []
      sortingOrder: 0
      sortByZ: 1
    targetMedia:
      oi: 0
      id: 
      path: 
      repeat: 0
      cols: 1
      rows: 1
      totalFrames: 0
      stops: 3
      pingpong: 0
      numVariants: 0
      variant_i: 0
      _path: 
      width: 0
      height: 0
      ratio: 1
      timesRepeated: 0
      currentFrame: 0
      startFrame: 0
      startFrame2: -999
      endFrame: 0
      endFrame2: -999
      frame: 0
      hideOnComplete: 0
      ended: 0
      fullWidth: 0
      fullHeight: 0
      loadedTexture: {fileID: 0}
      loadedTextures: []
      loadedVideoClip: {fileID: 0}
      loadedVideoClips: []
      sortingOrder: 0
      sortByZ: 1
    endMedia:
      oi: 0
      id: 
      path: 
      repeat: 0
      cols: 1
      rows: 1
      totalFrames: 0
      stops: 3
      pingpong: 0
      numVariants: 0
      variant_i: 0
      _path: 
      width: 0
      height: 0
      ratio: 1
      timesRepeated: 0
      currentFrame: 0
      startFrame: 0
      startFrame2: -999
      endFrame: 0
      endFrame2: -999
      frame: 0
      hideOnComplete: 0
      ended: 0
      fullWidth: 0
      fullHeight: 0
      loadedTexture: {fileID: 0}
      loadedTextures: []
      loadedVideoClip: {fileID: 0}
      loadedVideoClips: []
      sortingOrder: 0
      sortByZ: 1
    disabled: 0
    hideOnComplete: 0
    hideOnTarget: 0
    onDelay: 0
    onDelay2: 0
    offDelay: 0
    offDelay2: -999
    startDelay: 0
    startDelay2: -999
    endDelay: 0
    endDelay2: 0
    timesTriggered: 0
    groupIndex: 0
    group: 
    childIndex: -1
    startEase: 3
    endEase: 4
    onEase: 4
    offEase: 4
    activeBehaviour: 
    instantiated: 0
    fresh: 0
    introduced: 0
    ended: 0
    triggered: 0
    animating: 0
    animatingTrigger: 0
    animatingTriggerOff: 0
    animatingKnob: 0
    starting: 0
    ending: 0
    lerpValue: 0
    triggerLerpValue: 0
    on: 0
    _i: 0
    baseValue: {x: 0, y: 0, z: 0}
    startValue: {x: 0, y: 0, z: 0}
    endValue: {x: 0, y: 0, z: 0}
    currentValue: {x: 0, y: 0, z: 0}
    currentAnimatedValue: {x: 0, y: 0, z: 0}
    targetValue: {x: 0, y: 0, z: 0}
    lastTargetValue: {x: 0, y: 0, z: 0}
    animatedValue: {x: 0, y: 0, z: 0}
    lastValue: {x: 0, y: 0, z: 0}
    baseColorValue: {r: 0, g: 0, b: 0, a: 0}
    startColorValue: {r: 0, g: 0, b: 0, a: 0}
    endColorValue: {r: 0, g: 0, b: 0, a: 0}
    currentColorValue: {r: 0, g: 0, b: 0, a: 0}
    currentAnimatedColor: {r: 0, g: 0, b: 0, a: 0}
    targetColorValue: {r: 0, g: 0, b: 0, a: 0}
    lastTargetColorValue: {r: 0, g: 0, b: 0, a: 0}
    animatedColorValue: {r: 0, g: 0, b: 0, a: 0}
    knobValue: 0
    knobLerpValue: 0
    triggers: []
    activeType: 0
  triggers: []
  instance: {fileID: 0}
  root: {fileID: 0}
  triggerController: {fileID: 0}
  multiplier: 1
  numTimesIntroduced: 0
  numTimesTriggered: 0
